<record xmlns="http://www.openarchives.org/OAI/2.0/" xmlns:xsi="http://www.w3.org/2001/XMLSchema-instance"><header><identifier>oai:alma.34CSIC_INST:990013496400204201</identifier><datestamp>2020-03-13T08:21:41Z</datestamp><setSpec>manuscripta</setSpec></header><metadata><record xmlns="http://www.loc.gov/MARC21/slim" xmlns:xsi="http://www.w3.org/2001/XMLSchema-instance" xsi:schemaLocation="http://www.loc.gov/MARC21/slim http://www.loc.gov/standards/marcxml/schema/MARC21slim.xsd"><leader>09484ntm a2200733 i 4500</leader><controlfield tag="005">20200312133750.0</controlfield><controlfield tag="008">100630s18581274              000 0 ara d</controlfield><controlfield tag="001">990013496400204201</controlfield><datafield tag="035" ind1=" " ind2=" "><subfield code="a">CSIC001349640</subfield></datafield><datafield tag="035" ind1=" " ind2=" "><subfield code="a">(ES-MaCSI)001349640MAD01-Aleph</subfield></datafield><datafield tag="035" ind1=" " ind2=" "><subfield code="a">(OCoLC)1123832845</subfield></datafield><datafield tag="040" ind1=" " ind2=" "><subfield code="a">ES-MaCSI</subfield><subfield code="b">spa</subfield></datafield><datafield tag="245" ind1="1" ind2="0"><subfield code="a">مجموعة مؤلفات في الأمداح النبوية‭</subfield><subfield code="h">[‭Manuscrito]</subfield></datafield><datafield tag="260" ind1=" " ind2=" "><subfield code="c">[18..?].</subfield></datafield><datafield tag="300" ind1=" " ind2=" "><subfield code="a">124 f. con guardas al principio y al final; más 22 folios encuadernados al principio y 5 sueltos, añadidos posteriormente al volumen y de dimensiones variadas. ;</subfield><subfield code="c">12,2 x 11,3 cm.</subfield></datafield><datafield tag="490" ind1="1" ind2=" "><subfield code="a">Manuscripta</subfield></datafield><datafield tag="546" ind1=" " ind2=" "><subfield code="a">Arabe</subfield><subfield code="b">Escritura magrebí</subfield></datafield><datafield tag="500" ind1=" " ind2=" "><subfield code="a">Título transliterado: Maŷmūʽat muʼallafāt fī l-amdāḥ al-nabawiyya</subfield></datafield><datafield tag="500" ind1=" " ind2=" "><subfield code="a">Título facticio</subfield></datafield><datafield tag="500" ind1=" " ind2=" "><subfield code="a">Distribución: 1 col. La mayor parte del volumen tiene 11 líneas por página. Otras varían desde 3 a 10 líneas.</subfield></datafield><datafield tag="500" ind1=" " ind2=" "><subfield code="a">Material: Papel</subfield></datafield><datafield tag="500" ind1=" " ind2=" "><subfield code="a">Tinta: Negra, roja, azul y amarilla</subfield></datafield><datafield tag="500" ind1=" " ind2=" "><subfield code="a">Lugar de escritura: No consta</subfield></datafield><datafield tag="500" ind1=" " ind2=" "><subfield code="a">Data tópica: no consta ; Data crónica: 1274 H/1858C (tomada de la obra: Kitāb Dalāʼil al-jayrāt wa-šawāriq al-anwār fī ḏikr al-ṣalāt ʽalà al-Nabī al-mujtār)</subfield></datafield><datafield tag="500" ind1=" " ind2=" "><subfield code="a">Características especiales: Texto vocalizado</subfield></datafield><datafield tag="500" ind1=" " ind2=" "><subfield code="a">Ilustración: La caja va, en su mayor parte, en un recuadro rojo y otras en un recuadro rojo y azul o rojo y negro. - Folio 13v: ilustración que describe el cementerio en el que fueron enterrados el Profeta Muḥammad y los califas Abū Bakr y ʽUmar. La ilustración, a modo de puerta, representada mediante un arco de herradura coronado por una bóveda baída, en cuya mitad inferior se representan las tres tumbas mencionadas, con indicación en texto árabe de a quién pertenece cada una; así, la del Profeta Muḥammad, aparece a modo de rectángulo horizontal con dos triángulos en los extremos superior en color azul, mientras que, las de los califas Abū Bakr y ʽUmar se representan a modo de un rectángulo horizontal amarillo. - En la mitad superior del arco se aprecia en forma de un reloj de arena con un rosetón a cada lado.</subfield></datafield><datafield tag="500" ind1=" " ind2=" "><subfield code="a">Ilustraciones: El símbolo más repetido a lo largo de todo la obra de Dalāʼil es un guión superior que coincide en dimensión con el alargamiento grafico de las consonantes. - También, y en mucho menor medida, aparecen la coma árabe (‘) y un símbolo que se asemeja al lām alif (ﻻ) en tinta roja. Los epígrafes se marcan unas veces con tinta roja y otras en tinta amarilla o negra; y en un trazo mucho más alargado que el resto del texto.</subfield></datafield><datafield tag="500" ind1=" " ind2=" "><subfield code="a">Tipo de cuaderno: 13 cuad.: el 1er cuad. y el 3º son cuaterniones y el resto quiniones</subfield></datafield><datafield tag="500" ind1=" " ind2=" "><subfield code="a">Deterioro: Buen estado. En algunos folios del volumen degradaciones leves de tinta, manchas y huellas dactilares que no afectan al texto.</subfield></datafield><datafield tag="500" ind1=" " ind2=" "><subfield code="a">H en blanco: 17 H en blanco: los 8 primeros folios añadidos después de la guarda, una de las notas sueltas, el verso del folio sin numerar que precede al 1r, el 88r, y el 117v. Además, de entre los folios añadidos al principio del volumen, también aparecen en blanco el verso de 2 de ellos y el recto de otro. De las notas sueltas también aparecen en blanco el verso de otras 2.</subfield></datafield><datafield tag="500" ind1=" " ind2=" "><subfield code="a">H dañadas, mutiladas, sueltas: 5 H sueltas: 5 notas sueltas al final del volumen.</subfield></datafield><datafield tag="500" ind1=" " ind2=" "><subfield code="a">H faltan o añadidas: 27 H añadidas: 22 f. al principio del volumen, 4 de los cuales están encuadernados al revés, más 5 notas sueltas al final del mismo.</subfield></datafield><datafield tag="500" ind1=" " ind2=" "><subfield code="a">Foliación: Sin foliación original. - Foliación moderna a lápiz hecha por Concepción Castillo Castillo (1984). - De los 124 f. originales del volumen, sólo están foliados 117, los otros 8 carecen de numeración (7 folios que preceden al 1r y otro en medio de los folio 48 y 49), mientras que los folios añadidos posteriormente carecen también de numeración. - El folio 117 corresponde al de la guarda final del volumen</subfield></datafield><datafield tag="500" ind1=" " ind2=" "><subfield code="a">Reclamos: Reclamos en tinta negra en el margen inferior izquierdo de todos los folios verso, excepto en los folios 9v, 12v, 13, y 80v</subfield></datafield><datafield tag="500" ind1=" " ind2=" "><subfield code="a">Sign. cuad.: No</subfield></datafield><datafield tag="500" ind1=" " ind2=" "><subfield code="a">Pautado: Punta seca (casi inapreciable).</subfield></datafield><datafield tag="500" ind1=" " ind2=" "><subfield code="a">Filigrana: No</subfield></datafield><datafield tag="563" ind1=" " ind2=" "><subfield code="a">Cartera con solapa de cierre en piel roja sobre cartón con decoración repujada de tipo geométrica y floral. - Estuche en cuero castaño, decorado con ruedas de hilos en seco entrecruzados y borde cosido con cordoncillo de hilo color rosado.</subfield></datafield><datafield tag="541" ind1=" " ind2=" "><subfield code="a">Procedencia: No consta</subfield></datafield><datafield tag="541" ind1=" " ind2=" "><subfield code="a">Ingreso: No consta</subfield></datafield><datafield tag="500" ind1=" " ind2=" "><subfield code="a">Signatura antigua: VOL. IV ; A-5-4</subfield></datafield><datafield tag="500" ind1=" " ind2=" "><subfield code="a">Anotaciones: De una mano posterior a la del copista, son las notas del verso de la guarda inicial y el recto de la guarda final. También aparecen fragmentos de plegarias y ensalmos en los folios siguientes: 86r-87v, 107v, 110r-117v, más 15 folios al principio del volumen y 4 notas sueltas sin numerar. Por otro lado, de la mano del mismo copista son las correcciones y anotaciones marginales esporádicas en tinta negra para corregir o enmendar el texto de la caja. También, y de forma muy esporádica, aparece la palabra ḥizb en tinta roja. Son especialmente llamativas las anotaciones marginales para enmendar parte del texto en tinta negra de los folios 24r y 34r que bordean, según las agujas del reloj, la caja.</subfield></datafield><datafield tag="581" ind1=" " ind2=" "><subfield code="a">Descripción: Catálogo de la Exposición celebrada con motivo del cincuentenario: 1932-1982, Granada, 1982, 16. - Castillo Castillo, C. Manuscritos arábigos que se conservan en la Escuela de Estudios Árabes de Granada. En: Cuadernos de historia del Islam 11 (1984), 218-219. - Manuscritos árabes y fondo antiguo de la Escuela de Estudios Árabes, Granada, 2007, 97-98. - Castillo Castillo, Concepción, “Dalāʼil al-jayrāt: ms. de la Escuela de Estudios Árabes de Granada” En Manuscritos para comunicar culturas: Quinta Primavera del Manuscrito Andalusí (2012). Casablanca, 2012, 93-106. - González García, Sonsoles. Estudio de las encuadernaciones originales datadas de la colección de manuscritos de la Biblioteca de la Escuela de Estudios Árabes de Granada. Granada, 2010.</subfield></datafield><datafield tag="530" ind1=" " ind2=" "><subfield code="a">Otros soportes: No</subfield></datafield><datafield tag="581" ind1=" " ind2=" "><subfield code="a">Edición: No</subfield></datafield><datafield tag="510" ind1="4" ind2=" "><subfield code="a">Catálogo de la Exposición celebrada con motivo del cincuentenario: 1932-1982</subfield><subfield code="c">p. 16</subfield></datafield><datafield tag="510" ind1="4" ind2=" "><subfield code="a">Manuscritos arábigos que se conservan en la Escuela de Estudios Árabes de Granada</subfield><subfield code="c">p. 218-219</subfield></datafield><datafield tag="510" ind1="4" ind2=" "><subfield code="a">Manuscritos árabes y fondo antiguo de la Escuela de Estudios Arabes</subfield><subfield code="c">p. 97-98</subfield></datafield><datafield tag="510" ind1="4" ind2=" "><subfield code="a">Dalāʼil al-jayrāt: ms. De la Escuela de Estudios Árabes de Granada, 93-106</subfield></datafield><datafield tag="520" ind1="2" ind2=" "><subfield code="a">Contenido: Lectura de la plegaria que hay que hacer antes de proceder a la lectura de Dalāʼil al-jayrāt. (2 últimos folios sin foliación que preceden al 1r). - Kitāb Dalāʼil al-jayrāt wa-šawāriq al-anwār fī ḏikr al-ṣalāt ʽalà al-Nabī al-mujtār (1v-81r) [1858] 1274 de la Hégira [GAL, II, 327-8, Brockelmann, Supl., II, 359]. - Lo que se dice al terminar Dalāʼil al-jayrāt (81v-85v). - Al-burda (88v-104v) [s. f.]. - Plegarias en forma de “qaṣīda nabawiyya” (105r-107r). - Plegaria de al-Yūsī (108r-109v). - Carta manuscrita de Segismundo Moret y Prendergast a Mariano Gaspar Remiro, con fecha de 2 de enero de 1909.</subfield></datafield><datafield tag="600" ind1="0" ind2="7"><subfield code="a">Mahoma</subfield><subfield code="d">(m. 632)</subfield><subfield code="v">Devocionarios</subfield><subfield code="v">Manuscritos.</subfield><subfield code="2">CSICAU</subfield></datafield><datafield tag="600" ind1="0" ind2="7"><subfield code="a">Mahoma</subfield><subfield code="d">(m. 632)</subfield><subfield code="v">Poesías</subfield><subfield code="v">Manuscritos.</subfield><subfield code="2">CSICAU</subfield></datafield><datafield tag="650" ind1="0" ind2="7"><subfield code="a">Magia</subfield><subfield code="x">Aspectos religiosos</subfield><subfield code="x">Islam</subfield><subfield code="v">Manuscritos.</subfield><subfield code="2">CSICAU</subfield></datafield><datafield tag="700" ind1="1" ind2=" "><subfield code="a">Būṣīrī, Šaraf al-Dīn, Muḥammad b. Saʽīd al-</subfield></datafield><datafield tag="700" ind1="1" ind2=" "><subfield code="a">Ŷazūlī, Muḥammad b. Sulaymān al-</subfield><subfield code="d">(m. 1465).</subfield></datafield><datafield tag="740" ind1="0" ind2=" "><subfield code="a">Maŷmūʽat muʼallafāt fī l-amdāḥ al-nabawiyya</subfield></datafield><datafield tag="740" ind1="3" ind2=" "><subfield code="a">Al-burda</subfield></datafield><datafield tag="740" ind1="0" ind2=" "><subfield code="a">Kitāb Dalāʼil al-jayrāt wa-šawāriq al-anwār fī ḏikr al-ṣalāt ʽalà al-Nabī al-mujtār</subfield></datafield><datafield tag="740" ind1="2" ind2=" "><subfield code="a">البردة</subfield></datafield><datafield tag="740" ind1="0" ind2=" "><subfield code="a">كتاب دلايل الخيرات وشوارق الأنوار في ذكر الصلاة على النبي المختار</subfield></datafield><datafield tag="830" ind1=" " ind2="0"><subfield code="a">Manuscripta</subfield></datafield><datafield tag="856" ind1="4" ind2="1"><subfield code="u">http://aleph.csic.es/imagenes/mad01/0006_PMSC/P_001349640_782736_V00.pdf</subfield><subfield code="z">Descargar Pdf completo (43M)</subfield><subfield code="m">CSIC</subfield></datafield><datafield tag="856" ind1="4" ind2="1"><subfield code="u">http://simurg.bibliotecas.csic.es/viewer/image/CSIC001349640/1/</subfield><subfield code="z">Ver texto completo en SIMURG, el portal de fondos digitalizados del CSIC</subfield><subfield code="m">CSIC</subfield></datafield><datafield tag="856" ind1="4" ind2="1"><subfield code="u">http://aleph.csic.es/imagenes/mad01/0006_PMSC/html/001349640.html</subfield><subfield code="z">Ver texto completo en Bookreader</subfield></datafield></record></metadata></record>